<?xml version="1.0" encoding="utf-8"?>
<record xmlns="http://www.loc.gov/MARC21/slim" xmlns:xsi="http://www.w3.org/2001/XMLSchema-instance" xsi:schemaLocation="http://www.loc.gov/MARC21/slim http://www.loc.gov/standards/marcxml/schema/MARC21slim.xsd">
	<leader>     nam a22        4500</leader>
	<controlfield tag="001">461513</controlfield>
	<controlfield tag="003">NjP</controlfield>
	<controlfield tag="006">m        d        </controlfield>
	<controlfield tag="007">cr cn |||m|||a</controlfield>
	<controlfield tag="008">160803r19871954ir      ob    001 0 arard</controlfield>
	<datafield ind1=" " ind2=" " tag="040">
		<subfield code="a">NNU</subfield>
		<subfield code="b">eng</subfield>
		<subfield code="e">rda</subfield>
		<subfield code="c">NNU</subfield>
	</datafield>
	<datafield ind1=" " ind2=" " tag="043">
		<subfield code="a">a-iq---</subfield>
	</datafield>
	<datafield ind1=" " ind2="4" tag="050">
		<subfield code="a">PJ8034</subfield>
		<subfield code="b">.K48 1987</subfield>
	</datafield>
	<datafield ind1="1" ind2=" " tag="100">
		<subfield code="6">880-01</subfield>
		<subfield code="a">Khāqānī, ʻAlī.</subfield>
	</datafield>
	<datafield ind1="1" ind2="0" tag="245">
		<subfield code="6">880-02</subfield>
		<subfield code="a">Shuʻarāʼ al-Gharī, aw, al-Najafīyāt /</subfield>
		<subfield code="c">bi-qalam ʻAlī al-Khāqānī.</subfield>
	</datafield>
	<datafield ind1="3" ind2="0" tag="246">
		<subfield code="6">880-03</subfield>
		<subfield code="a">Najafīyāt</subfield>
	</datafield>
	<datafield ind1=" " ind2=" " tag="260">
		<subfield code="6">880-04</subfield>
		<subfield code="a">Qum :</subfield>
		<subfield code="b">Maktabat Āyat Allāh al-ʻUẓmá al-Marʻashī al-Najafī,</subfield>
		<subfield code="c">1408 [1987]</subfield>
	</datafield>
	<datafield ind1=" " ind2=" " tag="300">
		<subfield code="a">online resource (12 volumes)</subfield>
	</datafield>
	<datafield ind1=" " ind2=" " tag="336">
		<subfield code="a">text</subfield>
		<subfield code="2">rdacontent</subfield>
	</datafield>
	<datafield ind1=" " ind2=" " tag="337">
		<subfield code="a">computer</subfield>
		<subfield code="2">rdamedia</subfield>
	</datafield>
	<datafield ind1=" " ind2=" " tag="338">
		<subfield code="a">online resource</subfield>
		<subfield code="2">rdacarrier</subfield>
	</datafield>
	<datafield ind1="1" ind2=" " tag="490">
		<subfield code="a">Manshūrāt Dār al-Bayān ;</subfield>
		<subfield code="v">12</subfield>
	</datafield>
	<datafield ind1=" " ind2=" " tag="500">
		<subfield code="a">Reprint. Originally published: al-Najaf : al-Maṭbaʻah al-Ḥaydarīyah, 1954.</subfield>
	</datafield>
	<datafield ind1=" " ind2=" " tag="500">
		<subfield code="a">Part of the Arabic Collections Online (ACO) project, contributed by Princeton University Libraries.</subfield>
	</datafield>
	<datafield ind1=" " ind2=" " tag="504">
		<subfield code="a">Includes bibliographical references and indexes.</subfield>
	</datafield>
	<datafield ind1=" " ind2=" " tag="533">
		<subfield code="a">Electronic reproduction.</subfield>
		<subfield code="b">New York, N.Y. :</subfield>
		<subfield code="c">New York University,</subfield>
		<subfield code="d">2016.</subfield>
		<subfield code="5">NNU</subfield>
	</datafield>
	<datafield ind1=" " ind2="0" tag="650">
		<subfield code="a">Poets, Arab</subfield>
		<subfield code="z">Iraq</subfield>
		<subfield code="z">Najaf.</subfield>
	</datafield>
	<datafield ind1=" " ind2="0" tag="650">
		<subfield code="a">Arabic poetry</subfield>
		<subfield code="z">Iraq</subfield>
		<subfield code="z">Najaf.</subfield>
	</datafield>
	<datafield ind1=" " ind2="7" tag="650">
		<subfield code="a">Arabic poetry.</subfield>
		<subfield code="2">fast</subfield>
		<subfield code="0">(OCoLC)fst00812533</subfield>
	</datafield>
	<datafield ind1=" " ind2="7" tag="650">
		<subfield code="a">Poets, Arab.</subfield>
		<subfield code="2">fast</subfield>
		<subfield code="0">(OCoLC)fst01067812</subfield>
	</datafield>
	<datafield ind1=" " ind2="7" tag="651">
		<subfield code="a">Iraq</subfield>
		<subfield code="z">Najaf.</subfield>
		<subfield code="2">fast</subfield>
		<subfield code="0">(OCoLC)fst01225887</subfield>
	</datafield>
	<datafield ind1="2" ind2=" " tag="710">
		<subfield code="a">Princeton University.</subfield>
		<subfield code="b">Library.</subfield>
	</datafield>
	<datafield ind1="0" ind2=" " tag="730">
		<subfield code="a">Arabic Collections Online.</subfield>
	</datafield>
	<datafield ind1="0" ind2="8" tag="776">
		<subfield code="i">Print version:</subfield>
		<subfield code="a">Khāqānī, ʻAlī.</subfield>
		<subfield code="t">Shuʻarāʼ al-Gharī, aw, al-Najafīyāt</subfield>
		<subfield code="w">(NjP)461513</subfield>
		<subfield code="w">(OCoLC)21488726</subfield>
	</datafield>
	<datafield ind1=" " ind2="0" tag="830">
		<subfield code="a">Manshūrāt Dār al-Bayān ;</subfield>
		<subfield code="v">12.</subfield>
	</datafield>
	<datafield ind1="4" ind2="0" tag="856">
		<subfield code="u">http://hdl.handle.net/2333.1/66t1g57c</subfield>
	</datafield>
	<datafield ind1="0" ind2=" " tag="880">
		<subfield code="6">100-01/r</subfield>
		<subfield code="a">على الخاقانى.</subfield>
	</datafield>
	<datafield ind1="1" ind2="0" tag="880">
		<subfield code="6">245-02/r</subfield>
		<subfield code="a">شعراء الغري، أو، النجفيات /</subfield>
		<subfield code="c">بقلم على الخاقانى.</subfield>
	</datafield>
	<datafield ind1="3" ind2="0" tag="880">
		<subfield code="6">246-03/r</subfield>
		<subfield code="a">نجفيات</subfield>
	</datafield>
	<datafield ind1=" " ind2=" " tag="880">
		<subfield code="6">260-04/r</subfield>
		<subfield code="a">قم :</subfield>
		<subfield code="b">مكتبة آية الله المعظمى المرعشى النجفى،</subfield>
		<subfield code="c">١٤٠٨.</subfield>
	</datafield>
	<datafield ind1="0" ind2=" " tag="880">
		<subfield code="6">490-00/r</subfield>
		<subfield code="a">منشورات دار البيان ؛</subfield>
		<subfield code="v">١٢</subfield>
	</datafield>
	<datafield ind1=" " ind2=" " tag="959">
		<subfield code="a">NNU</subfield>
		<subfield code="b">WEB</subfield>
		<subfield code="c">GENI</subfield>
		<subfield code="t">0</subfield>
		<subfield code="m">Electronic access</subfield>
		<subfield code="s">01</subfield>
	</datafield>
	<datafield ind1=" " ind2=" " tag="999">
		<subfield code="i">NjP_461513</subfield>
		<subfield code="o">(OCoLC)ocm21488726 </subfield>
		<subfield code="s">princeton_aco000444:juz 1</subfield>
		<subfield code="s">princeton_aco000445:juz 2</subfield>
		<subfield code="s">princeton_aco000446:juz 3</subfield>
		<subfield code="s">princeton_aco000447:juz 4</subfield>
		<subfield code="s">princeton_aco000448:juz 5</subfield>
		<subfield code="s">princeton_aco000449:juz 6</subfield>
		<subfield code="s">princeton_aco000450:juz 7</subfield>
		<subfield code="s">princeton_aco000451:juz 8</subfield>
		<subfield code="s">princeton_aco000452:juz 9</subfield>
		<subfield code="s">princeton_aco000453:juz 10</subfield>
		<subfield code="s">princeton_aco000454:juz 11</subfield>
		<subfield code="s">princeton_aco000455:juz 12</subfield>
		<subfield code="e">(ERROR-880)</subfield>
	</datafield>
</record>
